%%%%%%%%%%%%%%%%%%%%%%%%%%%%%%%%%%%%%%%%%%%%%%%%%%%%%%%%%%%%%%%%%%%%%%%%%%%%%%%
% DISPLAY TITLES
%%%%%%%%%%%%%%%%%%%%%%%%%%%%%%%%%%%%%%%%%%%%%%%%%%%%%%%%%%%%%%%%%%%%%%%%%%%%%%%

@CONTROL{REVTEX41Control}
@CONTROL{apsrev41Control,author="08",editor="1",pages="0",title="0",year="1"} # aps default with titles

%%%%%%%%%%%%%%%%%%%%%%%%%%%%%%%%%%%%%%%%%%%%%%%%%%%%%%%%%%%%%%%%%%%%%%%%%%%%%%%
% FINAL REFERENCE LIST
%%%%%%%%%%%%%%%%%%%%%%%%%%%%%%%%%%%%%%%%%%%%%%%%%%%%%%%%%%%%%%%%%%%%%%%%%%%%%%%

@article{yao2012scalable,
	title={Scalable architecture for a room temperature solid-state quantum information processor},
	author={Yao, Norman Y and Jiang, Liang and Gorshkov, Alexey V and Maurer, Peter C and Giedke, Geza and Cirac, J Ignacio and Lukin, Mikhail D},
	journal={Nature communications},
	volume={3},
	pages={800},
	year={2012},
	publisher={Nature Publishing Group}
}

@article{veldhorst2017silicon,
	title={Silicon CMOS architecture for a spin-based quantum computer},
	author={Veldhorst, M and Eenink, HGJ and Yang, CH and Dzurak, AS},
	journal={Nature communications},
	volume={8},
	number={1},
	pages={1766},
	year={2017},
	publisher={Nature Publishing Group}
}


@article{monroe2014large,
	title={Large-scale modular quantum-computer architecture with atomic memory and photonic interconnects},
	author={Monroe, C and Raussendorf, R and Ruthven, A and Brown, KR and Maunz, P and Duan, L-M and Kim, J},
	journal={Physical Review A},
	volume={89},
	number={2},
	pages={022317},
	year={2014},
	publisher={APS}
}


@article{jones2012layered,
	title={Layered architecture for quantum computing},
	author={Jones, N Cody and Van Meter, Rodney and Fowler, Austin G and McMahon, Peter L and Kim, Jungsang and Ladd, Thaddeus D and Yamamoto, Yoshihisa},
	journal={Physical Review X},
	volume={2},
	number={3},
	pages={031007},
	year={2012},
	publisher={APS}
}

@article{kielpinski2002architecture,
	title={Architecture for a large-scale ion-trap quantum computer},
	author={Kielpinski, David and Monroe, Chris and Wineland, David J},
	journal={Nature},
	volume={417},
	number={6890},
	pages={709},
	year={2002},
	publisher={Nature Publishing Group}
}

@article{franke2019rent,
	title={Rentâ€™s rule and extensibility in quantum computing},
	author={Franke, David P and Clarke, James S and Vandersypen, Lieven MK and Veldhorst, Menno},
	journal={Microprocessors and Microsystems},
	year={2019},
	publisher={Elsevier}
}

@article{tannu2018case,
	title={A Case for Variability-Aware Policies for NISQ-Era Quantum Computers},
	author={Tannu, Swamit S and Qureshi, Moinuddin K},
	journal={arXiv preprint arXiv:1805.10224},
	year={2018}
}

@article{murali2019noise,
	title={Noise-Adaptive Compiler Mappings for Noisy Intermediate-Scale Quantum Computers},
	author={Murali, Prakash and Baker, Jonathan M and Abhari, Ali Javadi and Chong, Frederic T and Martonosi, Margaret},
	journal={arXiv preprint arXiv:1901.11054},
	year={2019}
}
@article{shi2019optimized,
	title={Optimized Compilation of Aggregated Instructions for Realistic Quantum Computers},
	author={Shi, Yunong and Leung, Nelson and Gokhale, Pranav and Rossi, Zane and Schuster, David I and Hoffman, Henry and Chong, Fred T},
	journal={arXiv preprint arXiv:1902.01474},
	year={2019}
}

@inproceedings{venturelli2018optimization,
	title={Optimization and Planning Approaches for Low-level Hardware Compilation of Quantum Circuits},
	author={Venturelli, Davide and Do, Minh and Booth, Kyle and Rieffel, Eleanor and Frank, Jeremy and Beck, Christopher},
	booktitle={APS Meeting Abstracts},
	year={2018}
}

@article{venturelli2018compiling,
	title={Compiling quantum circuits to realistic hardware architectures using temporal planners},
	author={Venturelli, Davide and Do, Minh and Rieffel, Eleanor and Frank, Jeremy},
	journal={Quantum Science and Technology},
	volume={3},
	number={2},
	pages={025004},
	year={2018},
	publisher={IOP Publishing}
}

@article{cadena2016past,
	title={Past, present, and future of simultaneous localization and mapping: Toward the robust-perception age},
	author={Cadena, Cesar and Carlone, Luca and Carrillo, Henry and Latif, Yasir and Scaramuzza, Davide and Neira, Jos{\'e} and Reid, Ian and Leonard, John J},
	journal={IEEE Transactions on robotics},
	volume={32},
	number={6},
	pages={1309--1332},
	year={2016},
	publisher={IEEE}
}


@book{bain2009,
	title={Fundamentals of Stochastic Filtering},
	author={Bain, Alan, and Crisan, Dan},
	isbn={978-0-387-76895-3},
	lccn={},
	series={Stochastic Modelling and Applied Probability},
	year={2009},
	publisher={Springer}
}

@misc{karlin1975,
	title={A first course in stochastic processes},
	author={Karlin, Samuel and Taylor, Howard M},
	publisher={Academic Press, New York}
	year = {1975}
}

@unpublished{riddhinotes, title={Unpublished notes: CRLB}, author={Gupta, Riddhi Swaroop}}

@article{wang2004image,
	title={Image quality assessment: from error visibility to structural similarity},
	author={Wang, Zhou and Bovik, Alan C and Sheikh, Hamid R and Simoncelli, Eero P},
	journal={IEEE transactions on image processing},
	volume={13},
	number={4},
	pages={600--612},
	year={2004},
	publisher={IEEE}
}

@article{gupta2018machine,
	title={Machine learning for predictive estimation of qubit dynamics subject to dephasing},
	author={Gupta, Riddhi Swaroop and Biercuk, Michael J},
	journal={Physical Review Applied},
	volume={9},
	number={6},
	pages={064042},
	year={2018},
	publisher={APS}
}


@article{ito1992approximation,
  title={Approximation of continuous functions on Rd by linear combinations of shifted rotations of a sigmoid function with and without scaling},
  author={Ito, Yoshifusa},
  journal={Neural Networks},
  volume={5},
  number={1},
  pages={105--115},
  year={1992},
  publisher={Elsevier}
}

@article{thrun2001probabilistic,
	title={A probabilistic on-line mapping algorithm for teams of mobile robots},
	author={Thrun, Sebastian},
	journal={The International Journal of Robotics Research},
	volume={20},
	number={5},
	pages={335--363},
	year={2001},
	publisher={SAGE Publications}
}

@incollection{doucet2001introduction,
	title={An introduction to sequential Monte Carlo methods},
	author={Doucet, Arnaud and De Freitas, Nando and Gordon, Neil},
	booktitle={Sequential Monte Carlo methods in practice},
	pages={3--14},
	year={2001},
	publisher={Springer}
}

@article{poterjoy2016localized,
	title={A localized particle filter for high-dimensional nonlinear systems},
	author={Poterjoy, Jonathan},
	journal={Monthly Weather Review},
	volume={144},
	number={1},
	pages={59--76},
	year={2016}
}

@article{stachniss2014particle,
	title={Particle filters for robot navigation},
	author={Stachniss, Cyrill and Burgard, Wolfram and others},
	journal={Foundations and Trends{\textregistered} in Robotics},
	volume={3},
	number={4},
	pages={211--282},
	year={2014},
	publisher={Now Publishers, Inc.}
}

@article{thrun1998probabilistic,
	title={A probabilistic approach to concurrent mapping and localization for mobile robots},
	author={Thrun, Sebastian and Burgard, Wolfram and Fox, Dieter},
	journal={Autonomous Robots},
	volume={5},
	number={3-4},
	pages={253--271},
	year={1998},
	publisher={Springer}
}

@book{thrun2005probabilistic,
	title={Probabilistic robotics},
	author={Thrun, Sebastian and Burgard, Wolfram and Fox, Dieter},
	year={2005},
	publisher={MIT press}
}

@article{bergman1999recursive,
	title={Recursive bayesian estimation},
	author={Bergman, Niclas},
	journal={Department of Electrical Engineering, Link{\"o}ping University, Link{\"o}ping Studies in Science and Technology. Doctoral dissertation},
	volume={579},
	pages={11},
	year={1999}
}

@inproceedings{beevers2007fixed,
	title={Fixed-lag sampling strategies for particle filtering SLAM},
	author={Beevers, Kristopher R and Huang, Wesley H},
	booktitle={Proceedings 2007 IEEE International Conference on Robotics and Automation},
	pages={2433--2438},
	year={2007},
	organization={IEEE}
}

@inproceedings{grisettiyz2005improving,
	title={Improving grid-based slam with rao-blackwellized particle filters by adaptive proposals and selective resampling},
	author={Grisettiyz, Giorgio and Stachniss, Cyrill and Burgard, Wolfram},
	booktitle={Proceedings of the 2005 IEEE International Conference on Robotics and Automation},
	pages={2432--2437},
	year={2005},
	organization={IEEE}
}

@article{howard2006multi,
	title={Multi-robot simultaneous localization and mapping using particle filters},
	author={Howard, Andrew},
	journal={The International Journal of Robotics Research},
	volume={25},
	number={12},
	pages={1243--1256},
	year={2006},
	publisher={Sage Publications Sage CA: Thousand Oaks, CA}
}

@inproceedings{murphy2000bayesian,
	title={Bayesian map learning in dynamic environments},
	author={Murphy, Kevin P},
	booktitle={Advances in Neural Information Processing Systems},
	pages={1015--1021},
	year={2000}
}


@article{bailey2006simultaneous,
	title={Simultaneous localization and mapping (SLAM): Part II},
	author={Bailey, Tim and Durrant-Whyte, Hugh},
	journal={IEEE Robotics \& Automation Magazine},
	volume={13},
	number={3},
	pages={108--117},
	year={2006},
	publisher={IEEE}
}

@article{durrant2006simultaneous,
	title={Simultaneous localization and mapping: part I, Robotics \& Automation Magazine},
	author={Durrant-Whyte, Hugh and Bailey, Tim},
	journal={IEEE},
	volume={13},
	number={2},
	pages={99--110},
	year={2006}
}



@article{wang2004image,
	title={Image quality assessment: from error visibility to structural similarity},
	author={Wang, Zhou and Bovik, Alan C and Sheikh, Hamid R and Simoncelli, Eero P and others},
	journal={IEEE transactions on image processing},
	volume={13},
	number={4},
	pages={600--612},
	year={2004}
}
@article{chen2009similarity,
	title={Similarity-based classification: Concepts and algorithms},
	author={Chen, Yihua and Garcia, Eric K and Gupta, Maya R and Rahimi, Ali and Cazzanti, Luca},
	journal={Journal of Machine Learning Research},
	volume={10},
	number={Mar},
	pages={747--776},
	year={2009}
}
@article{wang2009mean,
	title={Mean squared error: Love it or leave it? A new look at signal fidelity measures},
	author={Wang, Zhou and Bovik, Alan C},
	journal={IEEE signal processing magazine},
	volume={26},
	number={1},
	pages={98--117},
	year={2009},
	publisher={IEEE}
}



@ARTICLE{li2015resampling,
	author={T. Li and M. Bolic and P. M. Djuric},
	journal={IEEE Signal Processing Magazine},
	title={Resampling Methods for Particle Filtering: Classification, implementation, and strategies},
	year={2015},
	volume={32},
	number={3},
	pages={70-86},
	doi={10.1109/MSP.2014.2330626},
	ISSN={1053-5888},
	month={May},}

@book{candy2016bayesian,
	title={Bayesian Signal Processing: Classical, Modern, and Particle Filtering Methods},
	author={Candy, J.V.},
	isbn={9781119125457},
	lccn={2016019012},
	series={Adaptive and Cognitive Dynamic Systems},
	url={https://books.google.com.au/books?id=-k5gDAAAQBAJ},
	year={2016},
	publisher={Wiley}
}